
@misc{prof._dr._olaf_zimmerman_architectural_2014,
	address = {Ladenburg},
	title = {Architectural refactoring for cloud},
	url = {http://www.ifs.hsr.ch/fileadmin/user\_upload/customers/ifs.hsr.ch/Home/projekte/ZIO-GIFGArchAM2014-ArcRefCloudv10p.pdf},
	language = {en},
	urldate = {2014-09-19},
	author = {Prof. Dr. Olaf Zimmerman},
	year = {2014},
	annote = {S. 12-14, 19}
}

@misc{prof._dr._olaf_zimmerman_cloud_2014,
	address = {M{\"u}nchen},
	title = {Cloud Computing - Aus Sicht des Anwendungsarchitekten},
	url = {http://www.ifs.hsr.ch/fileadmin/user\_upload/customers/ifs.hsr.ch/Home/projekte/ARC-CCSichtAWA4OOPv104p.pdf},
	language = {en},
	urldate = {2014-09-19},
	author = {Prof. Dr. Olaf Zimmerman},
	year = {2014},
	annote = {S. 25-32, 38, 39}
}

@misc{_iso/iec_2014,
	title = {{ISO}/{IEC} 9126 {\textendash} Wikipedia},
	url = {http://de.wikipedia.org/wiki/ISO/IEC_9126},
	urldate = {2014-09-26},
	year = {2014},
	file = {ISO/IEC 9126 {\textendash} Wikipedia:/home/tobias/.mozilla/firefox/d66qeqic.TobiasBlaser/zotero/storage/WRWDTFGV/IEC_9126.html:text/html}
}

@misc{_layers_2014,
	address = {Rapperswil},
	title = {{LAYERS} {UND} {TIERS}, {MIDDLEWARE}, {JAVA} {ENTERPRISE} {EDITION} ({JEE})},
	month = sep,
	year = {2014},
	annote = {S. 13-27}
}

@phdthesis{marcel_tinner_collaborative_2014,
	address = {Rapperswil},
	title = {Collaborative Decision management and Architectural refactoring ({CDAR}) Tool},
	shorttitle = {Technischer Bericht},
	language = {de},
	school = {{HSR} Hochschule f{\"u}r Technik Rapperswil},
	author = {Marcel Tinner, Daniel Zigerlig},
	year = {2014}
}

@misc{builtwith_pty_ltd_framework_2014,
	title = {Framework technologies Web Usage Statistics},
	url = {http://trends.builtwith.com/framework#},
	language = {en},
	urldate = {2014-09-23},
	author = {BuiltWith{\textregistered} Pty Ltd},
	year = {2014},
	file = {Framework technologies Web Usage Statistics:/home/tobias/.mozilla/firefox/d66qeqic.TobiasBlaser/zotero/storage/7DX2HZDR/framework.html:text/html}
}

@book{jonathan_rasmusson_agile_2012,
	address = {{USA}},
	edition = {P4.0},
	title = {The Agile Samurai},
	copyright = {Copyright {\textcopyright} 2010 Jonathan Rasmusson},
	isbn = {978-1-934356-58-6},
	abstract = {How Agile Masters Deliver Great Software},
	language = {en},
	publisher = {Pragmatic Bookshelf},
	author = {Jonathan Rasmusson},
	month = aug,
	year = {2012},
	annote = {S. 92}
}

@misc{_play_2014,
	title = {Play framework - Wikipedia, the free encyclopedia},
	url = {http://en.wikipedia.org/w/index.php?title=Play_framework&oldid=625891581},
	urldate = {2014-09-24},
	year = {2014},
	file = {Play framework - Wikipedia, the free encyclopedia:/home/tobias/.mozilla/firefox/d66qeqic.TobiasBlaser/zotero/storage/FW37FBVD/index.html:text/html}
}

@misc{prof._dr._olaf_zimmerman_architekturentscheidungen_2013,
	address = {Rapperswil},
	title = {Architekturentscheidungen},
	author = {Prof. Dr. Olaf Zimmerman},
	year = {2013},
	annote = {Beispiele von Architekturentscheidungen}
}